@inproceedings{kazil2020utilizing,
	title={Utilizing python for agent-based modeling: the Mesa framework},
	author={Kazil, Jackie and Masad, David and Crooks, Andrew},
	booktitle={International Conference on Social Computing, Behavioral-Cultural Modeling and Prediction and Behavior Representation in Modeling and Simulation},
	pages={308--317},
	year={2020},
	organization={Springer}
}

@article{wijayati2020money,
	title={MONEY POLITIC TO BOOST POLITICAL PARTY VOTE IN INDONESIAN GENERAL ELECTION OF 2019},
	author={Wijayati, Hasna},
	journal={MONEY},
	volume={12},
	number={1},
	pages={4589--4602},
	year={2020}
}

@inproceedings{viridi2019agent,
	title={Agent-based Model and its Potential in Simulating Some Physical Systems},
	author={Viridi, S and Haryanto, F},
	booktitle={IOP Conference Series: Materials Science and Engineering},
	volume={599},
	number={1},
	pages={012008},
	year={2019},
	organization={IOP Publishing}
}

@misc{bbc_2019,
	title={Lembaga Survei: Jumlah Golput di Pilpres 2019 Paling Rendah sejak 2004},
	url={https://www.bbc.com/indonesia/indonesia-48130161},
	journal={BBC News Indonesia},
	publisher={BBC},
	author={BBC, Tim},
	year={2019}
}

@book{crooks2018agent,
	title={Agent-based modelling and geographical information systems: a practical primer},
	author={Crooks, Andrew and Malleson, Nicolas and Manley, Ed and Heppenstall, Alison},
	year={2018},
	publisher={Sage}
}

@book{wilensky2015introduction,
	title={An introduction to agent-based modeling: modeling natural, social, and engineered complex systems with NetLogo},
	author={Wilensky, Uri and Rand, William},
	year={2015},
	publisher={Mit Press}
}

@misc{savigny_2014,
	title={Free riding},
	url={https://www.britannica.com/topic/free-riding#ref1207651},
	journal={Encyclopædia Britannica},
	publisher={Encyclopædia Britannica, inc.},
	author={Savigny, Heather},
	year={2014}
}

@article{olson2012logic,
	title={The logic of collective action [1965]},
	author={Olson, Mancur},
	journal={Contemporary Sociological Theory},
	volume={124},
	year={2012},
	publisher={John Wiley \& Sons Hoboken, NJ, USA}
}

@misc{miller2004standing,
	title={The standing ovation problem},
	author={Miller, John H and Page, Scott E},
	journal={Complexity},
	volume={9},
	number={5},
	pages={8--16},
	year={2004},
	publisher={Wiley Subscription Services, Inc., A Wiley Company Hoboken}
}

@article{feddersen2004rational,
	title={Rational choice theory and the paradox of not voting},
	author={Feddersen, Timothy J},
	journal={Journal of Economic perspectives},
	volume={18},
	number={1},
	pages={99--112},
	year={2004}
}

@misc{wilensky1999netlogo,
	title={NetLogo. Evanston, IL: Center for connected learning and computer-based modeling, Northwestern University},
	author={Wilensky, Uri},
	year={1999}
}

@book{cox1997making,
	title={Making votes count: strategic coordination in the world's electoral systems},
	author={Cox, Gary W},
	year={1997},
	publisher={Cambridge University Press}
}

@article{abramson1992sophisticated,
	title={“Sophisticated” voting in the 1988 presidential primaries},
	author={Abramson, Paul R and Aldrich, John H and Paolino, Phil and Rohde, David W},
	journal={American Political Science Review},
	volume={86},
	number={1},
	pages={55--69},
	year={1992},
	publisher={Cambridge University Press}
}

@incollection{saaty1989group,
	title={Group decision making and the AHP},
	author={Saaty, Thomas L},
	booktitle={The analytic hierarchy process},
	pages={59--67},
	year={1989},
	publisher={Springer}
}
