@misc{miller2004standing,
	title={The standing ovation problem},
	author={Miller, John H and Page, Scott E},
	journal={Complexity},
	volume={9},
	number={5},
	pages={8--16},
	year={2004},
	publisher={Wiley Subscription Services, Inc., A Wiley Company Hoboken}
}

@book{wilensky2015introduction,
	title={An introduction to agent-based modeling: modeling natural, social, and engineered complex systems with NetLogo},
	author={Wilensky, Uri and Rand, William},
	year={2015},
	publisher={Mit Press}
}
